@inproceedings{puckette1995phase,
  title={Phase-locked vocoder},
  author={Puckette, Miller},
  booktitle={Applications of Signal Processing to Audio and Acoustics, 1995., IEEE ASSP Workshop on},
  pages={222--225},
  year={1995},
  organization={IEEE}
}
@book{bradford2011real,
  title={Real-time sliding phase vocoder using a commodity GPU},
  author={Bradford, Russell and Dobson, Richard and others},
  year={2011},
  publisher={University of Huddersfield and ICMA}
}
@article{flanagan1966phase,
  title={Phase vocoder},
  author={Flanagan, James L and Golden, RM},
  journal={Bell System Technical Journal},
  volume={45},
  number={9},
  pages={1493--1509},
  year={1966},
  publisher={Wiley Online Library}
}
@article{glover2011python,
  title={Python for audio signal processing},
  author={Glover, John C and Lazzarini, Victor and Timoney, Joseph},
  year={2011}
}
@inproceedings{de2004fast,
  title={A fast Mellin transform with applications in DAFx},
  author={De Sena, Antonio and Rocchesso, Davide},
  booktitle={Proc. of the 7th Int. Conference on Digital Audio Effects (DAFx’04)},
  pages={65--69},
  year={2004}
}
@inproceedings{bradford2008sliding,
  title={Sliding with a constant Q},
  author={Bradford, Russell and Dobson, Richard and others},
  year={2008},
  organization={DAFx}
}
@article{lazzarini2014streaming,
  title={Streaming Spectral Processing with Consumer-level Graphics Processing Units},
  author={Lazzarini, Victor and Timoney, Joseph and Bradford, Russell and others},
  year={2014}
}
@inproceedings{keiler2002survey,
  title={Survey on extraction of sinusoids in stationary sounds},
  author={Keiler, Florian and Marchand, Sylvain},
  booktitle={Digital Audio Effects (DAFx) Conference},
  pages={51--58},
  year={2002}
}
@book{zolzer2002dafx,
  title={DAFX: digital audio effects},
  author={Z{\"o}lzer, Udo and Amatriain, Xavier and Arfib, Daniel},
  volume={1},
  year={2002},
  publisher={Wiley Online Library}
}
@article{van2000domain,
  title={Domain-Specific Languages: An Annotated Bibliography.},
  author={Van Deursen, Arie and Klint, Paul and Visser, Joost},
  journal={Sigplan Notices},
  volume={35},
  number={6},
  pages={26--36},
  year={2000}
}
@inproceedings{magnusson2011ixi,
  title={ixi lang: a SuperCollider parasite for live coding},
  author={Magnusson, Thor},
  booktitle={Proceedings of International Computer Music Conference},
  pages={503--506},
  year={2011},
  organization={University of Huddersfield}
}
@inproceedings{karrer2006phavorit,
  title={PhaVoRIT: A phase vocoder for real-time interactive time-stretching},
  author={Karrer, Thorsten and Lee, Eric and Borchers, Jan},
  booktitle={Proceedings of the ICMC 2006 International Computer Music Conference},
  pages={708--715},
  year={2006}
}
@inproceedings{mcfee2015librosa,
  title={librosa: Audio and music signal analysis in python},
  author={McFee, Brian and Raffel, Colin and Liang, Dawen and Ellis, Daniel PW and McVicar, Matt and Battenberg, Eric and Nieto, Oriol},
  booktitle={Proceedings of the 14th Python in Science Conference},
  year={2015}
}
@article{collins2003live,
  title={Live coding in laptop performance},
  author={Collins, Nick and McLean, Alex and Rohrhuber, Julian and Ward, Adrian},
  journal={Organised sound},
  volume={8},
  number={3},
  pages={321--330},
  year={2003},
  publisher={Cambridge Univ Press}
}
@inproceedings{nilson2007live,
  title={Live coding practice},
  author={Nilson, Click},
  booktitle={Proceedings of the 7th international conference on New interfaces for musical expression},
  pages={112--117},
  year={2007},
  organization={ACM}
}
@article{laroche1999improved,
  title={Improved phase vocoder time-scale modification of audio},
  author={Laroche, Jean and Dolson, Mark},
  journal={IEEE Transactions on Speech and Audio processing},
  volume={7},
  number={3},
  pages={323--332},
  year={1999},
  publisher={IEEE}
}
@inproceedings{laroche1999new,
  title={New phase-vocoder techniques for pitch-shifting, harmonizing and other exotic effects},
  author={Laroche, Jean and Dolson, Mark},
  booktitle={Applications of Signal Processing to Audio and Acoustics, 1999 IEEE Workshop on},
  pages={91--94},
  year={1999},
  organization={IEEE}
}
@article{verfaille2006adaptive,
  title={Adaptive digital audio effects (A-DAFx): A new class of sound transformations},
  author={Verfaille, Vincent and Zolzer, Udo and Arfib, Daniel},
  journal={IEEE Transactions on audio, speech, and language processing},
  volume={14},
  number={5},
  pages={1817--1831},
  year={2006},
  publisher={IEEE}
}
@article{wishart2013sound,
  title={From Sound Morphing to the Synthesis of Starlight. Musical experiences with the Phase Vocoder over 25 years},
  author={Wishart, Trevor},
  journal={Musica/Tecnologia},
  volume={7},
  pages={65--69},
  year={2013}
}
@book{cella2014vuza,
  title={Vuza: a functional language for creative applications},
  author={Cella, Carmine-Emanuele and de Vel{\'a}zquez-Ircam, Casa},
  year={2014},
  publisher={Ann Arbor, MI: Michigan Publishing, University of Michigan Library}
}
@article{sethares2012kernel,
  title={Kernel Techniques for Audio Morphing},
  author={Sethares, William and Bucklew, James},
  year={2012}
}
@inproceedings{de2000traditional,
  title={Traditional implementations of a phase vocoder: the tricks of the trade},
  author={De G{\"o}tzen, Amalia and Bernardini, Nicola and Arfib, Daniel},
  booktitle={Proceedings of the COST G-6 Conference on Digital Audio Effects (DAFX-00), Verona, Italy},
  year={2000}
}
@article{grey1978perceptual,
  title={Perceptual effects of spectral modifications on musical timbres},
  author={Grey, John M and Gordon, John W},
  journal={The Journal of the Acoustical Society of America},
  volume={63},
  number={5},
  pages={1493--1500},
  year={1978},
  publisher={Acoustical Society of America}
}
@article{jacobsen2003sliding,
  title={The sliding DFT},
  author={Jacobsen, Eric and Lyons, Richard},
  journal={IEEE Signal Processing Magazine},
  volume={20},
  number={2},
  pages={74--80},
  year={2003},
  publisher={IEEE}
}
@inproceedings{bradford2005sliding,
  title={Sliding is Smoother than Jumping},
  author={Bradford, Russell and Dobson, Richard and others},
  booktitle={International Computer Music Conference 2005 (ICMC 2005)},
  pages={287--290},
  year={2005},
  organization={University of Bath}
}
@inproceedings{klingbeil2005software,
  title={Software for spectral analysis, editing, and synthesis},
  author={Klingbeil, Michael},
  booktitle={Proceedings of the International Computer Music Conference},
  pages={107--110},
  year={2005}
}
@article{bradford2007sliding,
  title={The sliding phase vocoder},
  author={Bradford, Russell and Dobson, Richard and others},
  year={2007},
  publisher={ICMA and Re: New}
}
@article{fels2004designing,
  title={Designing for intimacy: Creating new interfaces for musical expression},
  author={Fels, Sidney},
  journal={Proceedings of the IEEE},
  volume={92},
  number={4},
  pages={672--685},
  year={2004},
  publisher={IEEE}
}
@article{mathews1991radio,
  title={The radio baton and conductor program, or: Pitch, the most important and least expressive part of music},
  author={Mathews, Max V},
  journal={Computer Music Journal},
  volume={15},
  number={4},
  pages={37--46},
  year={1991},
  publisher={JSTOR}
}
@inproceedings{orio2001input,
  title={Input devices for musical expression: borrowing tools from HCI},
  author={Orio, Nicola and Schnell, Norbert and Wanderley, Marcelo M},
  booktitle={Proceedings of the 2001 conference on New interfaces for musical expression},
  pages={1--4},
  year={2001},
  organization={National University of Singapore}
}
@article{maes2011one,
  title={The “One-Person Choir”: A Multidisciplinary Approach to the Development of an Embodied Human--Computer Interface},
  author={Maes, Pieter-Jan and Leman, Marc and Kochman, Katty and Lesaffre, Micheline and Demey, Michiel},
  journal={Computer Music Journal},
  volume={35},
  number={2},
  pages={22--35},
  year={2011},
  publisher={MIT Press}
}
@inproceedings{marshall2005evaluation,
  title={Evaluation of sensors as input devices for computer music interfaces},
  author={Marshall, Mark T and Wanderley, Marcelo M},
  booktitle={International Symposium on Computer Music Modeling and Retrieval},
  pages={130--139},
  year={2005},
  organization={Springer}
}
@article{jensenius2014gesture,
  title={To gesture or not? an analysis of terminology in nime proceedings 2001-2013},
  author={Jensenius, Alexander Refsum},
  year={2014}
}
@inproceedings{collecchia2014siren,
  title={The Siren Organ.},
  author={Collecchia, Regina and Somen, Dan and McElroy, Kevin},
  booktitle={NIME},
  pages={391--394},
  year={2014}
}
@article{elblaus2014nime,
  title={NIME Design and Contemporary Music Practice: Benefits and Challenges},
  author={Elblaus, Ludvig and Hansen, Kjetil and Bresin, Roberto},
  journal={NIME 2014},
  year={2014}
}
@inproceedings{birnbaum2005towards,
  title={Towards a dimension space for musical devices},
  author={Birnbaum, David and Fiebrink, Rebecca and Malloch, Joseph and Wanderley, Marcelo M},
  booktitle={Proceedings of the 2005 conference on New interfaces for musical expression},
  pages={192--195},
  year={2005},
  organization={National University of Singapore}
}
@inproceedings{jorda2007reactable,
  title={The reacTable: exploring the synergy between live music performance and tabletop tangible interfaces},
  author={Jord{\`a}, Sergi and Geiger, G{\"u}nter and Alonso, Marcos and Kaltenbrunner, Martin},
  booktitle={Proceedings of the 1st international conference on Tangible and embedded interaction},
  pages={139--146},
  year={2007},
  organization={ACM}
}
@inproceedings{dobrian2006nime,
  title={The'E'in NIME: musical expression with new computer interfaces},
  author={Dobrian, Christopher and Koppelman, Daniel},
  booktitle={Proceedings of the 2006 conference on New interfaces for musical expression},
  pages={277--282},
  year={2006},
  organization={IRCAM—Centre Pompidou}
}
